@article{fritz,
   title={A synthetic approach to Markov kernels, conditional independence and theorems on sufficient statistics},
   volume={370},
   ISSN={0001-8708},
   url={http://dx.doi.org/10.1016/j.aim.2020.107239},
   DOI={10.1016/j.aim.2020.107239},
   journal={Advances in Mathematics},
   publisher={Elsevier BV},
   author={Fritz, Tobias},
   year={2020},
   month={Aug},
   pages={107239}
}

@article{cho,
   title={Disintegration and Bayesian inversion via string diagrams},
   volume={29},
   ISSN={1469-8072},
   url={http://dx.doi.org/10.1017/S0960129518000488},
   DOI={10.1017/s0960129518000488},
   number={7},
   journal={Mathematical Structures in Computer Science},
   publisher={Cambridge University Press (CUP)},
   author={Cho, Kenta and Jacobs, Bart},
   year={2019},
   month={Mar},
   pages={938–971}
}

@misc{baez,
      title={Categories in Control}, 
      author={John C. Baez and Jason Erbele},
      year={2015},
      eprint={1405.6881},
      archivePrefix={arXiv},
      primaryClass={math.CT}
}

@ARTICLE{menegaz,
  author={Menegaz, Henrique M. T. and Ishihara, João Y. and Kussaba, Hugo T. M.},
  journal={IEEE Transactions on Automatic Control}, 
  title={Unscented Kalman Filters for Riemannian State-Space Systems}, 
  year={2019},
  volume={64},
  number={4},
  pages={1487-1502},
  doi={10.1109/TAC.2018.2846684}
}

@INPROCEEDINGS{bakolas,
  author={Bakolas, Efstathios},
  booktitle={2016 IEEE 55th Conference on Decision and Control (CDC)},
  title={Optimal covariance control for discrete-time stochastic linear systems subject to constraints},
  year={2016},
  volume={},
  number={},
  pages={1153-1158},
  doi={10.1109/CDC.2016.7798422}
}


@article{geomstats,
  author  = {Nina Miolane and Nicolas Guigui and Alice Le Brigant and Johan Mathe and Benjamin Hou and Yann Thanwerdas and Stefan Heyder and Olivier Peltre and Niklas Koep and Hadi Zaatiti and Hatem Hajri and Yann Cabanes and Thomas Gerald and Paul Chauchat and Christian Shewmake and Daniel Brooks and Bernhard Kainz and Claire Donnat and Susan Holmes and Xavier Pennec},
  title   = {Geomstats:  A Python Package for Riemannian Geometry in Machine Learning},
  journal = {Journal of Machine Learning Research},
  year    = {2020},
  volume  = {21},
  number  = {223},
  pages   = {1-9},
  url     = {http://jmlr.org/papers/v21/19-027.html}
}


@incollection{anderson,
author = {Anderson, B. D. O},
address = {Berlin, Heidelberg},
booktitle = {Category Theory Applied to Computation and Control},
copyright = {Springer-Verlag Berlin Heidelberg 1975},
isbn = {3540071423},
issn = {0302-9743},
keywords = {Category Theory ; Control Fraternity ; Infinite Dimensional System ; Linear Partial Differential Equation ; Linear System Theory},
language = {eng},
pages = {35-50},
publisher = {Springer Berlin Heidelberg},
series = {Lecture Notes in Computer Science},
title = {A control theorist looks at abstract nonsense},
year = {2005},
}

@INPROCEEDINGS{delande,
  author={Delande, Emmanuel and Houssineau, Jérémie and Jah, Moriba},
  booktitle={2018 21st International Conference on Information Fusion (FUSION)},
  title={A New Representation of Uncertainty for Data Fusion in SSA Detection and Tracking Problems},
  year={2018},
  volume={},
  number={},
  pages={1-8},
  doi={10.23919/ICIF.2018.8455540}
}

@book{context,
  title={Category theory in context},
  author={Riehl, Emily},
  year={2017},
  publisher={Courier Dover Publications}
}

@book{bartosz,
  title={Category theory for programmers},
  author={Milewski, Bartosz},
  year={2018},
  publisher={Blurb}
}

@misc{category-extras,
  title={category-extras metapackage version 1.0. 2. 2012},
  author={Kmett, Edward and Wagner, Daniel}
}


@InProceedings{giry,
author="Giry, Mich{\`e}le",
editor="Banaschewski, B.",
title="A categorical approach to probability theory",
booktitle="Categorical Aspects of Topology and Analysis",
year="1982",
publisher="Springer Berlin Heidelberg",
address="Berlin, Heidelberg",
pages="68--85",
isbn="978-3-540-39041-1"
}


@InProceedings{10.1007/3-540-10250-7_24,
author="Reynolds, John C.",
editor="Jones, Neil D.",
title="Using category theory to design implicit conversions and generic operators",
booktitle="Semantics-Directed Compiler Generation",
year="1980",
publisher="Springer Berlin Heidelberg",
address="Berlin, Heidelberg",
pages="211--258",
abstract="A generalization of many-sorted algebras, called category-sorted algebras, is defined and applied to the language-design problem of avoiding anomalies in the interaction of implicit conversions and generic operators. The definition of a simple imperative language (without any binding mechanisms) is used as an example.",
isbn="978-3-540-38339-0"
}

